@book{gaussian,
    address = {Wallingford, {CT}},
    title = {Gaussian 09, Revision A.1},
    publisher = {Gaussian, Inc.},
    author = {Frisch, M. J. and Trucks, G. W. and Schlegel, H. B. and Scuseria, G. E. and Robb, M. A. and Cheeseman, J. R. and Scalmani, G. and Barone, V. and Mennucci, B. and Petersson, G. A. and Nakatsuji, H. and Caricato, M. and Li, X. and Hratchian, H. P. and Izmaylov, A. F. and Bloino, J. and Zheng, G. and Sonnenberg, J. L. and Hada, M. and Ehara, M. and Toyota, K. and Fukuda, R. and Hasegawa, J. and Ishida, M. and Nakajima, T. and Honda, Y. and Kitao, O. and Nakai, H. and Vreven, T. and Montgomery, Jr., J. A. and Peralta, J. E. and Ogliaro, F. and Bearpark, M. and Heyd, J. J. and Brothers, E. and Kudin, K. N. and Staroverov, V. N. and Kobayashi, R. and Normand, J. and Raghavachari, K. and Rendell, A. and Burant, J. C. and Iyengar, S. S. and Tomasi, J. and Cossi, M. and Rega, N. and Millam, N. J. and Klene, M. and Knox, J. E. and Cross, J. B. and Bakken, V. and Adamo, C. and Jaramillo, J. and Gomperts, R. and Stratmann, R. E. and Yazyev, O. and Austin, A. J. and Cammi, R. and Pomelli, C. and Ochterski, J. W. and Martin, R. L. and Morokuma, K. and Zakrzewski, V. G. and Voth, G. A. and Salvador, P. and Dannenberg, J. J. and Dapprich, S. and Daniels, A. D. and Farkas, Oe. and Foresman, J. B. and Ortiz, J. V. and Cioslowski, J. and Fox, D. J.},
    year = {2009}
},
@misc{hc,
	year={2012},
	issn={1432-881X},
	journal={Theoretical Chemistry Accounts},
	eid={1079},
	volume={131},
	number={1},
	doi={10.1007/s00214-011-1079-5},
	title={Chemical accuracy in ab initio thermochemistry and spectroscopy: current strategies and future challenges},
	url={http://dx.doi.org/10.1007/s00214-011-1079-5},
	publisher={Springer-Verlag},
	keywords={Ab initio thermochemistry; Ab initio spectroscopy; Chemical accuracy; Composite methods; Coupled cluster},
	author={Peterson, KirkA. and Feller, David and Dixon, DavidA.},
	language={English}
},
@article{scikit-learn,
 title={Scikit-learn: Machine Learning in {P}ython},
 author={Pedregosa, F. and Varoquaux, G. and Gramfort, A. and Michel, V.
         and Thirion, B. and Grisel, O. and Blondel, M. and Prettenhofer, P.
         and Weiss, R. and Dubourg, V. and Vanderplas, J. and Passos, A. and
         Cournapeau, D. and Brucher, M. and Perrot, M. and Duchesnay, E.},
 journal={Journal of Machine Learning Research},
 volume={12},
 pages={2825--2830},
 year={2011}
}
@article{Hansen,
author = {Hansen, Katja and Montavon, Grégoire and Biegler, Franziska and Fazli, Siamac and Rupp, Matthias and Scheffler, Matthias and von Lilienfeld, O. Anatole and Tkatchenko, Alexandre and Müller, Klaus-Robert},
title = {Assessment and Validation of Machine Learning Methods for Predicting Molecular Atomization Energies},
journal = {Journal of Chemical Theory and Computation},
volume = {9},
number = {8},
pages = {3404-3419},
year = {2013},
doi = {10.1021/ct400195d},
}

@Misc{scipy,
  author =    {Eric Jones and Travis Oliphant and Pearu Peterson and others},
  title =     {{SciPy}: Open source scientific tools for {Python}},
  year =      {2001--},
  url = "http://www.scipy.org/",
  note = {[Online; accessed 2014-12-10]}
}

@online{rdkit,
  author = {Greg Landrum},
  title = {RDKit: Open-source cheminformatics},
  url ={http://www.rdkit.org}
}

@Article{matplotlib,
  Author    = {Hunter, J. D.},
  Title     = {Matplotlib: A 2D graphics environment},
  Journal   = {Computing In Science \& Engineering},
  Volume    = {9},
  Number    = {3},
  Pages     = {90--95},
  abstract  = {Matplotlib is a 2D graphics package used for Python
  for application development, interactive scripting, and
  publication-quality image generation across user
  interfaces and operating systems.},
  publisher = {IEEE COMPUTER SOC},
  year      = {2007}
}

@ARTICLE{numpy,
   author  = {Dubois, Paul F. and Konrad Hinsen and James Hugunin},
   year    = {1996},
   title   = {Numerical Python},
   journal = {Computers in Physics},
   volume  = {10},
   number  = {3},
   month   = {May/June},
   keywords = {numpy}
}


@article{pybrain,
  Author = {Schaul, Tom and Bayer, Justin and Wierstra, Daan and Sun, Yi and
            Felder, Martin and Sehnke, Frank and R{\"u}ckstie{\ss}, Thomas and Schmidhuber, J{\"u}rgen},
  Journal = {Journal of Machine Learning Research},
  Pages = {743--746},
  Title = {{PyBrain}},
  Volume = {11},
  Year = {2010}
}